% This file was created with Citavi 5.2.0.8

@article{bakeman2005recommended,
 author = {Bakeman, Roger},
 year = {2005},
 title = {Recommended effect size statistics for repeated measures designs},
 pages = {379--384},
 volume = {37},
 number = {3},
 journal = {Behavior research methods}
}


@article{box1954some,
 author = {Box, George E. P. and others},
 year = {1954},
 title = {Some theorems on quadratic forms applied in the study of analysis of variance problems, I. Effect of inequality of variance in the one-way classification},
 pages = {290--302},
 volume = {25},
 number = {2},
 journal = {The Annals of Mathematical Statistics}
}


@book{chambers2008software,
 author = {Chambers, John},
 year = {2008},
 title = {Software for data analysis: programming with R},
 publisher = {{Springer Science {\&} Business Media}}
}


@article{cousineau2005confidence,
 author = {Cousineau, Denis},
 year = {2005},
 title = {Confidence intervals in within-subject designs: A simpler solution to Loftus and Masson's method},
 pages = {42--45},
 volume = {1},
 number = {1},
 journal = {Tutorials in quantitative methods for psychology}
}


@article{franz2012standard,
 author = {Franz, Volker H. and Loftus, Geoffrey R.},
 year = {2012},
 title = {Standard errors and confidence intervals in within-subjects designs: Generalizing Loftus and Masson (1994) and avoiding the biases of alternative accounts},
 pages = {395--404},
 volume = {19},
 number = {3},
 journal = {Psychonomic bulletin {\&} review}
}


@article{geisser1958extension,
 author = {Geisser, Seymour and Greenhouse, Samuel W. and others},
 year = {1958},
 title = {An extension of box's results on the use of the  F  distribution in multivariate analysis},
 pages = {885--891},
 volume = {29},
 number = {3},
 journal = {The Annals of Mathematical Statistics}
}


@book{girden1992anova,
 author = {Girden, Ellen R.},
 year = {1992},
 title = {ANOVA: Repeated measures},
 publisher = {Sage}
}


@article{greenhouse1959methods,
 author = {Greenhouse, Samuel W. and Geisser, Seymour},
 year = {1959},
 title = {On methods in the analysis of profile data},
 pages = {95--112},
 volume = {24},
 number = {2},
 journal = {Psychometrika}
}


@book{howell2012statistical,
 author = {Howell, David C.},
 year = {2012},
 title = {Statistical methods for psychology},
 publisher = {{Cengage Learning}}
}


@article{huynh1976estimation,
 author = {Huynh, Huynh and Feldt, Leonard S.},
 year = {1976},
 title = {Estimation of the Box correction for degrees of freedom from sample data in randomized block and split-plot designs},
 pages = {69--82},
 volume = {1},
 number = {1},
 journal = {Journal of educational statistics}
}


@article{kravitz1986ringelmann,
 author = {Kravitz, David A. and Martin, Barbara},
 year = {1986},
 title = {Ringelmann rediscovered: The original article}
}


@article{loftus1994using,
 author = {Loftus, Geoffrey R. and Masson, Michael E. J.},
 year = {1994},
 title = {Using confidence intervals in within-subject designs},
 pages = {476--490},
 volume = {1},
 number = {4},
 journal = {Psychonomic bulletin {\&} review}
}


@article{morey2008confidence,
 author = {Morey, Richard D.},
 year = {2008},
 title = {Confidence intervals from normalized data: A correction to Cousineau (2005)},
 pages = {61--64},
 volume = {4},
 number = {2},
 journal = {reason}
}


@article{o2014representing,
 author = {O'Brien, Fearghal and Cousineau, Denis},
 year = {2014},
 title = {Representing error bars in within-subject designs in typical software packages},
 pages = {56--67},
 volume = {10},
 number = {1},
 journal = {The Quantitative Methods for Psychology}
}


@article{olejnik2003generalized,
 author = {Olejnik, Stephen and Algina, James},
 year = {2003},
 title = {Generalized eta and omega squared statistics: measures of effect size for some common research designs},
 pages = {434--447},
 volume = {8},
 number = {4},
 journal = {Psychological methods}
}


@book{rutherford2001introducing,
 author = {Rutherford, Andrew},
 year = {2001},
 title = {Introducing ANOVA and ANCOVA: a GLM approach},
 publisher = {Sage}
}


@book{stevens2012applied,
 author = {Stevens, James P.},
 year = {2012},
 title = {Applied multivariate statistics for the social sciences},
 publisher = {Routledge}
}


@article{wickham2013roxygen2,
 author = {Wickham, Hadley and Danenberg, Peter and Eugster, Manuel},
 year = {2013},
 title = {roxygen2: In-source documentation for R},
 volume = {3},
 number = {0},
 journal = {R package version}
}


@article{wickham2015devtools,
 author = {Wickham, Hadley and Chang, Winston},
 year = {2015},
 title = {devtools: Tools to make developing R code easier},
 volume = {1},
 number = {0},
 journal = {R package version}
}


@book{wickham2015r,
 author = {Wickham, Hadley},
 year = {2015},
 title = {R packages},
 publisher = {{O'Reilly Media, Inc}}
}


@book{wickham2016ggplot2,
 author = {Wickham, Hadley},
 year = {2016},
 title = {ggplot2: elegant graphics for data analysis},
 publisher = {Springer}
}


